[gd_scene load_steps=22 format=2]

[ext_resource path="res://scripts/Player.gd" type="Script" id=1]
[ext_resource path="res://assets/images/redHairedBoy/idle/frame-1.png" type="Texture" id=2]
[ext_resource path="res://assets/images/redHairedBoy/idle/frame-2.png" type="Texture" id=3]
[ext_resource path="res://assets/images/redHairedBoy/running/frame-1.png" type="Texture" id=4]
[ext_resource path="res://assets/images/redHairedBoy/running/frame-3.png" type="Texture" id=5]
[ext_resource path="res://assets/images/redHairedBoy/running/frame-2.png" type="Texture" id=6]
[ext_resource path="res://assets/images/redHairedBoy/running/frame-4.png" type="Texture" id=7]
[ext_resource path="res://assets/images/redHairedBoy/running/frame-5.png" type="Texture" id=8]
[ext_resource path="res://assets/images/redHairedBoy/running/frame-6.png" type="Texture" id=9]
[ext_resource path="res://assets/images/redHairedBoy/jump/jump_up.png" type="Texture" id=10]
[ext_resource path="res://assets/images/redHairedBoy/jump/jump_fall.png" type="Texture" id=11]
[ext_resource path="res://assets/images/redHairedBoy/got hit/frame-got-hit.png" type="Texture" id=12]
[ext_resource path="res://assets/images/redHairedBoy/running/frozenOverlay.png" type="Texture" id=13]
[ext_resource path="res://resources/fonts/Monserrat-30.tres" type="DynamicFont" id=14]
[ext_resource path="res://assets/audio/sfx/freezing.wav" type="AudioStream" id=15]

[sub_resource type="CapsuleShape2D" id=1]

custom_solver_bias = 0.0
radius = 20.0
height = 40.0

[sub_resource type="SpriteFrames" id=2]

animations = [ {
"frames": [ ExtResource( 2 ), ExtResource( 3 ) ],
"loop": true,
"name": "idle",
"speed": 5.0
}, {
"frames": [ ExtResource( 4 ), ExtResource( 5 ), ExtResource( 6 ), ExtResource( 7 ), ExtResource( 8 ), ExtResource( 9 ) ],
"loop": true,
"name": "run",
"speed": 20.0
}, {
"frames": [ ExtResource( 10 ) ],
"loop": true,
"name": "jump",
"speed": 5.0
}, {
"frames": [ ExtResource( 11 ) ],
"loop": true,
"name": "jump_land",
"speed": 5.0
}, {
"frames": [ ExtResource( 12 ) ],
"loop": true,
"name": "hit",
"speed": 5.0
} ]
_sections_unfolded = [ "Resource" ]

[sub_resource type="Gradient" id=3]

offsets = PoolRealArray( 0, 1 )
colors = PoolColorArray( 0.689667, 0.82147, 0.949219, 1, 1, 1, 1, 0.132588 )

[sub_resource type="GradientTexture" id=4]

flags = 4
gradient = SubResource( 3 )
width = 2048

[sub_resource type="ParticlesMaterial" id=5]

render_priority = 0
trail_divisor = 1
emission_shape = 1
emission_sphere_radius = 0.1
flag_align_y = false
flag_rotate_y = false
flag_disable_z = true
spread = 45.0
flatness = 0.0
gravity = Vector3( 0, 0, 0 )
initial_velocity = 5.0
initial_velocity_random = 0.0
angular_velocity = 0.0
angular_velocity_random = 0.0
orbit_velocity = 0.0
orbit_velocity_random = 0.0
linear_accel = 5.0
linear_accel_random = 0.01
radial_accel = 0.0
radial_accel_random = 0.0
tangential_accel = 0.0
tangential_accel_random = 0.0
damping = 0.0
damping_random = 0.0
angle = 0.0
angle_random = 0.0
scale = 5.0
scale_random = 0.3
color_ramp = SubResource( 4 )
hue_variation = 0.0
hue_variation_random = 0.0
anim_speed = 0.0
anim_speed_random = 0.0
anim_offset = 0.0
anim_offset_random = 0.0
anim_loop = false
_sections_unfolded = [ "Color", "Emission Shape", "Gravity", "Initial Velocity", "Linear Accel", "Scale", "Spread" ]

[sub_resource type="ParticlesMaterial" id=6]

render_priority = 0
trail_divisor = 1
emission_shape = 2
emission_box_extents = Vector3( 10, 1, 1 )
flag_align_y = false
flag_rotate_y = false
flag_disable_z = true
spread = 45.0
flatness = 0.0
gravity = Vector3( 0, 49, 0 )
initial_velocity = 1.0
initial_velocity_random = 0.0
angular_velocity = 0.0
angular_velocity_random = 0.0
orbit_velocity = 0.0
orbit_velocity_random = 0.0
linear_accel = 0.0
linear_accel_random = 0.0
radial_accel = 0.0
radial_accel_random = 0.0
tangential_accel = 0.0
tangential_accel_random = 0.0
damping = 0.0
damping_random = 0.0
angle = 0.0
angle_random = 0.0
scale = 5.0
scale_random = 0.5
color = Color( 0.672058, 0.945313, 0.926099, 1 )
hue_variation = 0.0
hue_variation_random = 0.0
anim_speed = 0.0
anim_speed_random = 0.0
anim_offset = 0.0
anim_offset_random = 0.0
anim_loop = false
_sections_unfolded = [ "Color", "Emission Shape", "Gravity", "Scale", "Trail" ]

[node name="Player" type="KinematicBody2D" index="0"]

input_pickable = false
collision_layer = 1
collision_mask = 1
collision/safe_margin = 0.08
script = ExtResource( 1 )
_sections_unfolded = [ "Collision", "Pickable", "Transform", "collision" ]
minTemp = -10
bodyTemp = 37.2
maxTemp = 60
dissipationFactor = 0.3
coldBreathOnTemp = 5
sweatDripOnTemp = 40
deathTimeCold = 4
deathTimeHot = 2
runSpeed = 400
jumpSpeed = 500
gravity = 2000
immortality = false

[node name="CollisionShape2D" type="CollisionShape2D" parent="." index="0"]

shape = SubResource( 1 )
_sections_unfolded = [ "Transform" ]

[node name="AnimatedSprite" type="AnimatedSprite" parent="." index="1"]

scale = Vector2( 0.1, 0.1 )
frames = SubResource( 2 )
animation = "run"
frame = 3
playing = true
_sections_unfolded = [ "Transform" ]

[node name="FrozenOverlay" type="Sprite" parent="." index="2"]

visible = false
scale = Vector2( 0.1, 0.1 )
texture = ExtResource( 13 )
_sections_unfolded = [ "Transform" ]

[node name="FloorCast" type="RayCast2D" parent="." index="3"]

enabled = false
exclude_parent = true
cast_to = Vector2( 0, 40 )
collision_mask = 1
_sections_unfolded = [ "Transform" ]

[node name="WallCastRight" type="RayCast2D" parent="." index="4"]

enabled = false
exclude_parent = true
cast_to = Vector2( 20, 0 )
collision_mask = 1
_sections_unfolded = [ "Transform" ]

[node name="WallCastLeft" type="RayCast2D" parent="." index="5"]

enabled = false
exclude_parent = true
cast_to = Vector2( -20, 0 )
collision_mask = 1
_sections_unfolded = [ "Transform" ]

[node name="coldBreath" type="Particles2D" parent="." index="6"]

position = Vector2( 9.97513, 0.68206 )
emitting = true
amount = 8
lifetime = 1.0
one_shot = false
preprocess = 0.0
speed_scale = 1.0
explosiveness = 0.8
randomness = 0.0
fixed_fps = 0
fract_delta = true
visibility_rect = Rect2( -100, -100, 200, 200 )
local_coords = true
draw_order = 0
process_material = SubResource( 5 )
texture = null
normal_map = null
h_frames = 1
v_frames = 1
_sections_unfolded = [ "Process Material", "Time" ]

[node name="sweatDrips" type="Particles2D" parent="." index="7"]

position = Vector2( 0, -21.4615 )
emitting = true
amount = 6
lifetime = 2.0
one_shot = false
preprocess = 0.0
speed_scale = 1.0
explosiveness = 0.0
randomness = 0.0
fixed_fps = 0
fract_delta = true
visibility_rect = Rect2( -100, -100, 200, 200 )
local_coords = true
draw_order = 0
process_material = SubResource( 6 )
texture = null
normal_map = null
h_frames = 1
v_frames = 1
_sections_unfolded = [ "Drawing", "Process Material", "Time", "Transform" ]
__meta__ = {
"_edit_lock_": true
}

[node name="VisibilityNotifier2D" type="VisibilityNotifier2D" parent="." index="8"]

position = Vector2( -10.9466, 0 )
rect = Rect2( -10, -10, 20, 20 )

[node name="Tween" type="Tween" parent="." index="9"]

repeat = false
playback_process_mode = 1
playback_speed = 1.0
playback/active = false
playback/repeat = false
playback/speed = 1.0

[node name="DyingTimer" type="Timer" parent="." index="10"]

process_mode = 1
wait_time = 1.0
one_shot = true
autostart = false

[node name="DeathTimerLabel" type="Label" parent="." index="11"]

anchor_left = 0.0
anchor_top = 0.0
anchor_right = 0.0
anchor_bottom = 0.0
margin_left = -20.0
margin_top = -87.0
margin_right = 20.0
margin_bottom = -50.0
rect_pivot_offset = Vector2( 0, 0 )
rect_clip_content = false
mouse_filter = 2
mouse_default_cursor_shape = 0
size_flags_horizontal = 1
size_flags_vertical = 4
custom_fonts/font = ExtResource( 14 )
custom_colors/font_color = Color( 0.953125, 0.104248, 0.104248, 1 )
custom_colors/font_color_shadow = Color( 0, 0, 0, 1 )
custom_constants/shadow_offset_x = 1
custom_constants/shadow_offset_y = 1
custom_constants/shadow_as_outline = 1
text = "5"
align = 1
percent_visible = 1.0
lines_skipped = 0
max_lines_visible = -1
_sections_unfolded = [ "custom_colors", "custom_constants", "custom_fonts" ]

[node name="WarningAudio" type="AudioStreamPlayer" parent="." index="12"]

stream = null
volume_db = 0.0
pitch_scale = 1.0
autoplay = false
mix_target = 0
bus = "Master"

[node name="MovementSoundEffects" type="AudioStreamPlayer" parent="." index="13"]

stream = null
volume_db = -5.0
pitch_scale = 1.0
autoplay = false
mix_target = 0
bus = "Master"

[node name="TemperatureEffects" type="AudioStreamPlayer" parent="." index="14"]

stream = ExtResource( 15 )
volume_db = -10.0
pitch_scale = 1.0
autoplay = false
mix_target = 0
bus = "Master"


