[gd_scene load_steps=9 format=2]

[ext_resource path="res://scripts/TitleScene.gd" type="Script" id=1]
[ext_resource path="res://resources/fonts/Monserrat-100.tres" type="DynamicFont" id=2]

[sub_resource type="Gradient" id=5]

offsets = PoolRealArray( 0.00189394, 0.530303, 0.996212 )
colors = PoolColorArray( 0.25, 0.0869141, 0.0869141, 1, 0.703125, 0.648602, 0.606995, 1, 0.769531, 0.557938, 0.258514, 1 )

[sub_resource type="GradientTexture" id=6]

flags = 4
gradient = SubResource( 5 )
width = 2048

[sub_resource type="Gradient" id=2]

offsets = PoolRealArray( 0, 0.551136, 1 )
colors = PoolColorArray( 1, 1, 1, 1, 1, 0.632813, 0, 1, 0.96875, 0.121094, 0.121094, 1 )

[sub_resource type="GradientTexture" id=3]

flags = 4
gradient = SubResource( 2 )
width = 2048

[sub_resource type="ParticlesMaterial" id=4]

render_priority = 0
trail_divisor = 1
emission_shape = 2
emission_box_extents = Vector3( 440, 1, 1 )
flag_align_y = false
flag_rotate_y = false
flag_disable_z = true
spread = 0.0
flatness = 0.0
gravity = Vector3( 0, -98, 0 )
initial_velocity = 0.0
initial_velocity_random = 0.0
angular_velocity = -10.0
angular_velocity_random = 0.5
orbit_velocity = 0.0
orbit_velocity_random = 0.0
linear_accel = 50.0
linear_accel_random = 0.5
radial_accel = 0.0
radial_accel_random = 0.0
tangential_accel = 0.0
tangential_accel_random = 0.0
damping = 0.0
damping_random = 0.0
angle = 45.0
angle_random = 0.0
scale = 100.0
scale_random = 0.9
color_ramp = SubResource( 3 )
hue_variation = 0.0
hue_variation_random = 0.0
anim_speed = 0.0
anim_speed_random = 0.0
anim_offset = 0.0
anim_offset_random = 0.8
anim_loop = false
_sections_unfolded = [ "Angle", "Angular Velocity", "Animation", "Color", "Damping", "Emission Shape", "Gravity", "Hue Variation", "Initial Velocity", "Linear Accel", "Radial Accel", "Scale", "Spread" ]

[sub_resource type="ParticlesMaterial" id=1]

render_priority = 0
trail_divisor = 1
emission_shape = 2
emission_box_extents = Vector3( 480, 1, 1 )
flag_align_y = false
flag_rotate_y = false
flag_disable_z = true
spread = 45.0
flatness = 0.0
gravity = Vector3( 0, 98, 0 )
initial_velocity = 1.0
initial_velocity_random = 0.0
angular_velocity = 80.0
angular_velocity_random = 0.0
orbit_velocity = 0.0
orbit_velocity_random = 0.0
linear_accel = 0.0
linear_accel_random = 0.0
radial_accel = 0.0
radial_accel_random = 0.0
tangential_accel = 0.0
tangential_accel_random = 0.0
damping = 0.0
damping_random = 0.0
angle = 0.0
angle_random = 0.0
scale = 5.0
scale_random = 0.9
color = Color( 1, 1, 1, 1 )
hue_variation = 0.0
hue_variation_random = 0.0
anim_speed = 0.0
anim_speed_random = 0.0
anim_offset = 0.0
anim_offset_random = 0.0
anim_loop = false
_sections_unfolded = [ "Angle", "Angular Velocity", "Color", "Emission Shape", "Gravity", "Initial Velocity", "Orbit Velocity", "Radial Accel", "Scale", "Spread", "Tangential Accel" ]

[node name="Title" type="Node" index="0"]

script = ExtResource( 1 )

[node name="Sprite" type="Sprite" parent="." index="0"]

position = Vector2( 960, 540 )
rotation = 1.5708
scale = Vector2( 0.55, 1920 )
texture = SubResource( 6 )
_sections_unfolded = [ "Offset", "Region", "Transform" ]

[node name="Fire" type="Particles2D" parent="." index="1"]

position = Vector2( 1440, 1046.07 )
emitting = true
amount = 200
lifetime = 5.0
one_shot = false
preprocess = 10.0
speed_scale = 1.0
explosiveness = 0.0
randomness = 0.0
fixed_fps = 0
fract_delta = true
visibility_rect = Rect2( -100, -100, 200, 200 )
local_coords = true
draw_order = 0
process_material = SubResource( 4 )
texture = null
normal_map = null
h_frames = 1
v_frames = 1
_sections_unfolded = [ "Process Material", "Time", "Transform" ]

[node name="Snow" type="Particles2D" parent="." index="2"]

position = Vector2( 480, -8.36853 )
emitting = true
amount = 5000
lifetime = 5.0
one_shot = false
preprocess = 5.0
speed_scale = 1.0
explosiveness = 0.0
randomness = 1.0
fixed_fps = 0
fract_delta = true
visibility_rect = Rect2( -100, -100, 200, 200 )
local_coords = true
draw_order = 0
process_material = SubResource( 1 )
texture = null
normal_map = null
h_frames = 1
v_frames = 1
_sections_unfolded = [ "Process Material", "Time", "Transform" ]

[node name="Control" type="Control" parent="." index="3"]

anchor_left = 0.0
anchor_top = 0.0
anchor_right = 1.0
anchor_bottom = 1.0
rect_pivot_offset = Vector2( 0, 0 )
rect_clip_content = false
mouse_filter = 0
mouse_default_cursor_shape = 0
size_flags_horizontal = 1
size_flags_vertical = 1

[node name="CenterContainer" type="CenterContainer" parent="Control" index="0"]

anchor_left = 0.0
anchor_top = 0.0
anchor_right = 1.0
anchor_bottom = 1.0
rect_pivot_offset = Vector2( 0, 0 )
rect_clip_content = false
mouse_filter = 0
mouse_default_cursor_shape = 0
size_flags_horizontal = 1
size_flags_vertical = 1
use_top_left = false

[node name="HBoxContainer" type="HBoxContainer" parent="Control/CenterContainer" index="0"]

anchor_left = 0.0
anchor_top = 0.0
anchor_right = 0.0
anchor_bottom = 0.0
margin_left = 562.0
margin_top = 479.0
margin_right = 1357.0
margin_bottom = 600.0
rect_pivot_offset = Vector2( 0, 0 )
rect_clip_content = false
mouse_filter = 1
mouse_default_cursor_shape = 0
size_flags_horizontal = 1
size_flags_vertical = 1
custom_constants/separation = 0
alignment = 0
_sections_unfolded = [ "custom_constants" ]

[node name="Label" type="Label" parent="Control/CenterContainer/HBoxContainer" index="0"]

anchor_left = 0.0
anchor_top = 0.0
anchor_right = 0.0
anchor_bottom = 0.0
margin_right = 434.0
margin_bottom = 121.0
rect_pivot_offset = Vector2( 0, 0 )
rect_clip_content = false
mouse_filter = 2
mouse_default_cursor_shape = 0
size_flags_horizontal = 1
size_flags_vertical = 4
custom_fonts/font = ExtResource( 2 )
custom_colors/font_color = Color( 0.855469, 0.483838, 0.123642, 1 )
custom_colors/font_color_shadow = Color( 0, 0, 0, 1 )
custom_constants/shadow_as_outline = 84
text = "TEMPER"
align = 2
percent_visible = 1.0
lines_skipped = 0
max_lines_visible = -1
_sections_unfolded = [ "custom_colors", "custom_constants", "custom_fonts" ]

[node name="Label2" type="Label" parent="Control/CenterContainer/HBoxContainer" index="1"]

anchor_left = 0.0
anchor_top = 0.0
anchor_right = 0.0
anchor_bottom = 0.0
margin_left = 434.0
margin_right = 795.0
margin_bottom = 121.0
rect_pivot_offset = Vector2( 0, 0 )
rect_clip_content = false
mouse_filter = 2
mouse_default_cursor_shape = 0
size_flags_horizontal = 1
size_flags_vertical = 4
custom_fonts/font = ExtResource( 2 )
custom_colors/font_color = Color( 0.386948, 0.458511, 0.925781, 1 )
custom_colors/font_color_shadow = Color( 0, 0, 0, 1 )
custom_constants/shadow_as_outline = 85
text = "ATURE"
percent_visible = 1.0
lines_skipped = 0
max_lines_visible = -1
_sections_unfolded = [ "custom_colors", "custom_constants" ]

[node name="Start" type="Button" parent="." index="4"]

anchor_left = 0.5
anchor_top = 0.5
anchor_right = 0.5
anchor_bottom = 0.5
margin_left = -146.0
margin_top = 54.0
margin_right = 145.0
margin_bottom = 181.0
rect_pivot_offset = Vector2( 0, 0 )
rect_clip_content = false
focus_mode = 2
mouse_filter = 0
mouse_default_cursor_shape = 0
size_flags_horizontal = 1
size_flags_vertical = 1
custom_fonts/font = ExtResource( 2 )
toggle_mode = false
enabled_focus_mode = 2
shortcut = null
group = null
text = "PLAY"
flat = false
align = 1
_sections_unfolded = [ "custom_fonts", "custom_styles" ]

[connection signal="pressed" from="Start" to="." method="_on_Start_pressed"]


